@misc{1,title={Creating Confidence}, author={Giesecke+Devrient S.A.}, howpublished={\url{https://www.gi-de.com}}}

@misc{2,title={From banknote printers to international industrial group}, author={Giesecke+Devrient S.A.}, howpublished={\url{https://www.gi-de.com/en/group/about-us/history}}}

@book{3,
  title={Smart card handbook, Fourth Edition},
  author={Rankl, Wolfgang and Effing, Wolfgang},
  year={2010},
  publisher={John Wiley \& Sons}
}

@misc{4,title={Introduction to Secure Elements}, author={GlobalPlatform.}, howpublished={\url{https://globalplatform.org/resource-publication/introduction-to-secure-elements/}}}

@misc{5,title={Why GlobalPlatform}, author={GlobalPlatform}, howpublished={\url{https://globalplatform.org/why-globalplatform/}}}

@article{6,
  title={Metodologia scrum},
  author={Trig{\'a}s Gallego, Manuel},
  year={2012},
  publisher={Universitat Oberta de catalunya}
}

@misc{7,title={Sueldos de la empresa} ,author={Glassdor.es}, howpublished={\url{https://www.glassdoor.es/Sueldos/index.htm/}}}

@misc{8,title={Z240 TOWER WORKSTATION XEON E3-1245 V6 3.70 GHZ}, howpublished={\url{https://www.jetcomputer.net/ordenadores-hp-z240-tower-workstation-l8t12av04?gclid=Cj0KCQjwnoqLBhD4ARIsAL5JedJBbzutJBqS2eQy8g4xkG3JTlzeBJN_d-zNgUUSETxdCjCFVW1Fv6IaAtt2EALw_wcB}}, author={Xeon, Ordenadores and DIMM}, year={2021}}

@misc{9, howpublished={\url{https://www.pcexpansion.es/tpv-lector-dni-omnikey-3121-usb-bulk.php?gclid=Cj0KCQjwnoqLBhD4ARIsAL5JedJ5W473YTngI7zShTGhVEIHDyexp-n07WQiuY-FnHrs_k1spQBa5tcaAtO6EALw_wcB}}, author={PcExpansion.es}, year={2021}}

@misc{13, title={Windows 10 home comprar}, howpublished={\href{https://version-completa.es/microsoft-windows-10-home-32-64-bit-clave-de-producto-key-12.html?subId=gs_10&gclid=Cj0KCQjwtrSLBhCLARIsACh6RmhMvZOhAN4IzfDc0V_ahpLox0sykXoYT4q6CZuhUKuZAXG6wNpyd4kaAvBSEALw_wcB}{https://version-completa.es/microsoft-windows-10-home-32-64-bit-clave-de-producto-key-12.html}}, author={Version-completa.es},year={2021}}

@misc{14,title={Planes y precios Bitbucket}, howpublished={\href{https://www.atlassian.com/es/software/bitbucket/pricing}{https://www.atlassian.com/es/software/bitbucket/pricing}}, author={Altassian.com},year={2021}}

@misc{15,title={Planes y precios Jira}, howpublished={\href{https://www.atlassian.com/software/jira/pricing}{https://www.atlassian.com/software/jira/pricing}}, author={Altassian.com},year={2021}}

@misc{10,title={Mercado inmobiliario en el prat de llobregat}, howpublished={\url{https://www.indomio.es/mercado-inmobiliario/cataluna/el-prat-de-llobregat/}}, author={Indomio.es},year={2021}}

@misc{11, title={Guía definitiva para entender cuánto contaminan los coches}, howpublished={\url{https://www.lavanguardia.com/motor/actualidad/20200204/473287321242/guia-definitiva-para-entender-cuanto-contaminan-los-coches-gasolina-diesel-electricos-hibridos.html}}, author={La Vanguardia}, year={2021}}

@misc{12, title={Los chips, nocivos para el medio ambiente}, howpublished={\url={https://diarioti.com/los-chips-nocivos-para-el-medio-ambiente/196}}, author={Diarioti.com},year={2021}}

%@misc{,title={}, howpublished={\href{}{}}, author={},year={}}